@book{nguyen_2008, place={Upper Saddle River, NJ}, title={GPU gems 3}, publisher={Addison-Wesley}, author={Nguyen, Hubert}, year={2008}}

@misc{cascaded_sm, author={NVidia}, title={Cascaded Shadow Mapping}, url={https://docs.nvidia.com/gameworks/content/gameworkslibrary/graphicssamples/opengl_samples/cascadedshadowmapping.htm}, journal={Cascaded Shadow Mapping},
note = {Navštíveno 18.12.2019, https://docs.nvidia.com/gameworks/content/gameworkslibrary/graphicssamples/
opengl\_samples/cascadedshadowmapping.htm}}

@inproceedings{Backes2018RealTimeMT,
  title={Real-Time Massive Terrain Generation using Procedural Erosion on the GPU},
  author={Gabriel Costa Backes and Tiago Augusto Engel},
  year={2018}
}